@article{gnanasekaranreinforcement,
  title  = {Reinforcement Learning in Pacman},
  author = {Gnanasekaran, Abeynaya and Faba, Jordi Feliu and An, Jing},
  url    = {http://cs229.stanford.edu/proj2017/final-reports/5241109.pdf}
}

@electronic{pacman,
  title = {{UC Berkeley CS188 Intro to AI} },
  url   = {http://ai.berkeley.edu/project\_overview.html}
}

@misc{schaul2016prioritized,
  title         = {Prioritized Experience Replay},
  author        = {Tom Schaul and John Quan and Ioannis Antonoglou and David Silver},
  year          = {2016},
  eprint        = {1511.05952},
  archiveprefix = {arXiv},
  primaryclass  = {cs.LG}
}